@techreport{SeafoodConnection2016AdministratieveBeheersing,
    title = {{Administratieve Organisatie / Interne Beheersing}},
    year = {2016},
    author = {{Seafood Connection}},
    institution = {Seafood Connection},
    address = {Urk}
}

@misc{WindesheimCommunity2018BeroepspecifiekeCompetenties,
    title = {{Beroepspecifieke competenties}},
    year = {2018},
    author = {{Windesheim Community}},
    url = {https://communities.windesheim.nl/std/Accountancy-voltijd/Documenten%20stage%20en%20afstuderen%20AC/Beroepspecifieke%20competenties.pdf}
}

@book{Leeuwen2012BestuurlijkePerspectief,
    title = {{Bestuurlijke informatieverzorging in perspectief}},
    year = {2012},
    author = {Leeuwen, Oscar van and Bergsma, Jon},
    edition = {Eerste druk},
    publisher = {Noordhoff Uitgevers},
    address = {Houten},
    isbn = {9789001817435}
}

@book{Bergsma2016BIVPraktijk,
    title = {{BIV in Praktijk}},
    year = {2016},
    author = {Bergsma, Jon},
    edition = {Eerste druk},
    publisher = {A{\&}W Uitgeverij},
    address = {Amsterdam},
    isbn = {9789490957100}
}

@techreport{Everson2013COSOSummery,
    title = {{COSO Internal Control - Integrated Framework (executive summery)}},
    year = {2013},
    author = {Everson, Miles E.A. and Soske, Stephen E. and Martens, Frank J. and Beston, Cara M. and Harris, Charles E. and Garcia, J. Aaron and Jourdan, Catherine I. and Poshklensky, Jay A. and Perraglia, Sallie Jo},
    url = {https://www.coso.org/Documents/990025P-Executive-Summary-final-may20.pdf},
    institution = {Committee of Sponsoring Organizations},
    address = {New York}
}

@book{Buunk2017FinancieleTreasury,
    title = {{Financi{\"{e}}le markten en treasury}},
    year = {2017},
    author = {Buunk, Hans},
    edition = {Tweede druk},
    publisher = {Boom uitgevers},
    address = {Amsterdam},
    isbn = {9789024406234}
}

@book{Huls2010Financiering:Grootbedrijf,
    title = {{Financiering: van MKB tot grootbedrijf}},
    year = {2010},
    author = {Huls, H.M.P. and Kwint, K. and Dekker, H.J.},
    edition = {Derde druk},
    publisher = {Noordhoff uitgevers},
    address = {Houten},
    isbn = {9789001784379}
}

@book{Jans2007GrondslagenOrganisaties,
    title = {{Grondslagen administratieve organisaties}},
    year = {2007},
    author = {Jans, E.O.J.},
    edition = {Twintigste druk},
    publisher = {Wolters-Noordhoff},
    address = {Houten},
    isbn = {9789001600976}
}

@techreport{MinisterievanBinnenlandseZakenenKoninkrijkrelaties2015HandreikingTreasury,
    title = {{Handreiking Treasury}},
    year = {2015},
    author = {{Ministerie van Binnenlandse Zaken en Koninkrijkrelaties}},
    pages = {133},
    url = {https://www.rijksoverheid.nl/documenten/rapporten/2015/06/25/handreiking-treasury-2015},
    institution = {Rijksoverheid},
    address = {Den Haag}
}

@book{Meuwissen2012InterneBeheersing,
    title = {{Interne Beheersing}},
    year = {2012},
    author = {Meuwissen, Roger and Vaassen, Eddy},
    edition = {Tweede druk},
    publisher = {Noordhoff Uitgevers},
    address = {Houten},
    isbn = {9789001796280}
}

@techreport{ProfinisAccountants2018Jaarrapport2017,
    title = {{Jaarrapport 2017}},
    year = {2018},
    author = {{Profinis Accountants}},
    institution = {Profinis Accountants},
    address = {Urk}
}

@misc{Visserijnieuws2013JapansConnection,
    title = {{Japans visgigant koopt meerderheid Seafood Connection}},
    year = {2013},
    author = {{Visserijnieuws}},
    url = {https://www.visserijnieuws.nl/nieuws/japanse-visgigant-koopt-meerderheid-seafood-connection}
}

@techreport{SeafoodConnectionB.V.2013Personeelsreglement,
    title = {{Personeelsreglement}},
    year = {2013},
    author = {{Seafood Connection B.V.}},
    institution = {Seafood Connection},
    address = {Urk}
}

@misc{Bergsma2018QuickBeheersing,
    title = {{Quick Scan interne beheersing}},
    year = {2018},
    author = {Bergsma, Jon},
    publisher = {Sharenet - accountancy community},
    address = {Zwolle}
}

@misc{SeafoodConnection2018SeaconInternational,
    title = {{Seacon International}},
    year = {2018},
    author = {{Seafood Connection}},
    url = {https://www.seafoodconnection.nl/nl/seacon-internationaal/seacon-international}
}

@techreport{GemeenteEde2009Treasurystatuut,
    title = {{Treasurystatuut}},
    year = {2009},
    author = {{Gemeente Ede}},
    url = {https://decentrale.regelgeving.overheid.nl/cvdr/xhtmloutput/Historie/Ede/18927/18927_1.html},
    institution = {Gemeenteraad gemeente Ede},
    address = {Ede}
}

@book{Verhoeven2009WatOnderzoek,
    title = {{Wat is onderzoek?}},
    year = {2009},
    author = {Verhoeven, Nel},
    edition = {Tweede druk},
    publisher = {Boom uitgevers},
    address = {Amsterdam},
    isbn = {9789047300014}
}